@misc{FFHT-Library,
  title={Fast {Fast} {Hadamard} {Transform}},
  author={Alexandr Andoni and Piotr Indyk and Thijs Laarhoven and Ilya Razenshteyn and Ludwig Schmidt},
  note={Available at \url{https://github.com/FALCONN-LIB/FFHT}}
  }

@inproceedings{alda2016implementation,
  title={Implementation and improvement of the partial sum attack on 6-round {AES}},
  author={Ald{\`a}, Francesco and Aragona, Riccardo and Nicolodi, Lorenzo and Sala, Massimiliano},
  booktitle={Physical and Data-Link Security Techniques for Future Communication Systems},
  pages={181--195},
  year={2016},
  organization={Springer}
}

@article{DESI:SWHGW21,
  title={Breaking LWC candidates: sESTATE and Elephant in quantum setting},
  author={Shi, Tairong and Wu, Wenling and Hu, Bin and Guan, Jie and Wang, Sengpeng},
  journal={Designs, Codes and Cryptography},
  volume={89},
  number={7},
  pages={1405--1432},
  year={2021},
  publisher={Springer}
}

@article{DESI:DunKel15,
  title={Practical-time attacks against reduced variants of {MISTY}1},
  author={Dunkelman, Orr and Keller, Nathan},
  journal={Designs, Codes and Cryptography},
  volume={76},
  number={3},
  pages={601--627},
  year={2015},
  publisher={Springer}
}

@article{ARXIV:YiCheWei14,
  title={Zero-correlation linear cryptanalysis of reduced round {ARIA} with Partial-sum and {FFT}},
  author={Yi, Wentan and Chen, Shaozhen and Wei, Kuanyang},
  journal={arXiv preprint arXiv:1406.3240},
  year={2014}
}

@inproceedings{BaoG0S20,
  author    = {Zhenzhen Bao and
               Chun Guo and
               Jian Guo and
               Ling Song},
  editor    = {Anne Canteaut and
               Yuval Ishai},
  title     = {{TNT:} How to Tweak a Block Cipher},
  booktitle = {{EUROCRYPT} 2020, Proceedings, Part {II}},
  series    = {Lecture Notes in Computer Science},
  volume    = {12106},
  pages     = {641--673},
  publisher = {Springer},
  year      = {2020},
}

@article{TOSC:RahmanS021,
  author    = {Mostafizar Rahman and
               Dhiman Saha and
               Goutam Paul},
  title     = {Boomeyong: Embedding Yoyo within Boomerang and its Applications to
               Key Recovery Attacks on {AES} and {Pholkos}},
  journal   = {{IACR} Trans. Symmetric Cryptol.},
  volume    = {2021},
  number    = {3},
  pages     = {137--169},
  year      = {2021},
  url       = {https://doi.org/10.46586/tosc.v2021.i3.137-169},
  doi       = {10.46586/tosc.v2021.i3.137-169},
  timestamp = {Thu, 30 Jun 2022 17:04:02 +0200},
  biburl    = {https://dblp.org/rec/journals/tosc/RahmanS021.bib},
  bibsource = {dblp computer science bibliography, https://dblp.org}
}

@inproceedings{EC:DunkelmanKRS20,
  author    = {Orr Dunkelman and
               Nathan Keller and
               Eyal Ronen and
               Adi Shamir},
  editor    = {Anne Canteaut and
               Yuval Ishai},
  title     = {The Retracing Boomerang Attack},
  booktitle = {Advances in Cryptology - {EUROCRYPT} 2020 - 39th Annual International
               Conference on the Theory and Applications of Cryptographic Techniques,
               Zagreb, Croatia, May 10-14, 2020, Proceedings, Part {I}},
  series    = {Lecture Notes in Computer Science},
  volume    = {12105},
  pages     = {280--309},
  publisher = {Springer},
  year      = {2020},
  url       = {https://doi.org/10.1007/978-3-030-45721-1\_11},
  doi       = {10.1007/978-3-030-45721-1\_11},
  timestamp = {Fri, 22 May 2020 21:56:36 +0200},
  biburl    = {https://dblp.org/rec/conf/eurocrypt/DunkelmanKRS20.bib},
  bibsource = {dblp computer science bibliography, https://dblp.org}
}

@article{JOC:Bar-OnDKRS20,
  author    = {Achiya Bar{-}On and
               Orr Dunkelman and
               Nathan Keller and
               Eyal Ronen and
               Adi Shamir},
  title     = {Improved Key Recovery Attacks on Reduced-Round {AES} with Practical
               Data and Memory Complexities},
  journal   = {J. Cryptol.},
  volume    = {33},
  number    = {3},
  pages     = {1003--1043},
  year      = {2020},
  url       = {https://doi.org/10.1007/s00145-019-09336-w},
  doi       = {10.1007/s00145-019-09336-w},
  timestamp = {Fri, 18 Sep 2020 11:17:34 +0200},
  biburl    = {https://dblp.org/rec/journals/joc/Bar-OnDKRS20.bib},
  bibsource = {dblp computer science bibliography, https://dblp.org}
}

@article{DESI:DemirbacsKara22,
  title={Integral characteristics by keyspace partitioning},
  author={Demirba{\c{s}}, Fatih and Kara, Orhun},
  journal={Designs, Codes and Cryptography},
  volume={90},
  number={2},
  pages={443--472},
  year={2022},
  publisher={Springer}
}

@article{JCST:ZhaWanWen14,
  title={Improved linear cryptanalysis of CAST-256},
  author={Zhao, Jing-Yuan and Wang, Mei-Qin and Wen, Long},
  journal={Journal of Computer Science and Technology},
  volume={29},
  number={6},
  pages={1134--1139},
  year={2014},
  publisher={Springer}
}

@inproceedings{MISTY1,
  author    = {Mitsuru Matsui},
  editor    = {Eli Biham},
  title     = {New Block Encryption Algorithm {MISTY}},
  booktitle = {Fast Software Encryption, 4th International Workshop, {FSE} '97, Haifa,
               Israel, January 20-22, 1997, Proceedings},
  series    = {Lecture Notes in Computer Science},
  volume    = {1267},
  pages     = {54--68},
  publisher = {Springer},
  year      = {1997},
  url       = {https://doi.org/10.1007/BFb0052334},
  doi       = {10.1007/BFb0052334},
  timestamp = {Tue, 14 May 2019 10:00:54 +0200},
  biburl    = {https://dblp.org/rec/conf/fse/Matsui97.bib},
  bibsource = {dblp computer science bibliography, https://dblp.org}
}

@inproceedings{IGNORE:RSA:CHWW22,
  title={Integral Attacks on Pyjamask-96 and Round-Reduced Pyjamask-128},
  author={Cui, Jiamin and Hu, Kai and Wang, Qingju and Wang, Meiqin},
  booktitle={Cryptographers’ Track at the RSA Conference},
  pages={223--246},
  year={2022},
  organization={Springer}
}

@inproceedings{IGNORE:FSE:FKLSSWW00,
  author    = {Niels Ferguson and
               John Kelsey and
               Stefan Lucks and
               Bruce Schneier and
               Michael Stay and
               David A. Wagner and
               Doug Whiting},
  editor    = {Bruce Schneier},
  title     = {Improved Cryptanalysis of Rijndael},
  booktitle = {{FSE} 2000},
  series    = {Lecture Notes in Computer Science},
  volume    = {1978},
  pages     = {213--230},
  publisher = {Springer},
}

@article{TOSC:AnkeleDGLLT19,
  author    = {Ralph Ankele and
               Christoph Dobraunig and
               Jian Guo and
               Eran Lambooij and
               Gregor Leander and
               Yosuke Todo},
  title     = {Zero-Correlation Attacks on Tweakable Block Ciphers with Linear Tweakey
               Expansion},
  journal   = {{IACR} Trans. Symmetric Cryptol.},
  volume    = {2019},
  number    = {1},
  pages     = {192--235},
  year      = {2019},
  url       = {https://doi.org/10.13154/tosc.v2019.i1.192-235},
  doi       = {10.13154/tosc.v2019.i1.192-235},
  timestamp = {Mon, 26 Oct 2020 08:46:42 +0100},
  biburl    = {https://dblp.org/rec/journals/tosc/AnkeleDGLLT19.bib},
  bibsource = {dblp computer science bibliography, https://dblp.org}
}

@inproceedings{FSE:DaemenKR97,
  author    = {Joan Daemen and
               Lars R. Knudsen and
               Vincent Rijmen},
  editor    = {Eli Biham},
  title     = {The Block Cipher {Square}},
  booktitle = {Fast Software Encryption, 4th International Workshop, {FSE} '97, Haifa,
               Israel, January 20-22, 1997, Proceedings},
  series    = {Lecture Notes in Computer Science},
  volume    = {1267},
  pages     = {149--165},
  publisher = {Springer},
  year      = {1997},
  url       = {https://doi.org/10.1007/BFb0052343},
  doi       = {10.1007/BFb0052343},
  timestamp = {Tue, 14 May 2019 10:00:54 +0200},
  biburl    = {https://dblp.org/rec/conf/fse/DaemenKR97.bib},
  bibsource = {dblp computer science bibliography, https://dblp.org}
}

@inproceedings{AES:Biryukov04,
  author    = {Alex Biryukov},
  editor    = {Hans Dobbertin and
               Vincent Rijmen and
               Aleksandra Sowa},
  title     = {The Boomerang Attack on 5 and 6-Round Reduced {AES}},
  booktitle = {Advanced Encryption Standard - AES, 4th International Conference,
               {AES} 2004, Bonn, Germany, May 10-12, 2004, Revised Selected and Invited
               Papers},
  series    = {Lecture Notes in Computer Science},
  volume    = {3373},
  pages     = {11--15},
  publisher = {Springer},
  year      = {2004},
  url       = {https://doi.org/10.1007/11506447\_2},
  doi       = {10.1007/11506447\_2},
  timestamp = {Tue, 14 May 2019 10:00:38 +0200},
  biburl    = {https://dblp.org/rec/conf/aes/Biryukov04.bib},
  bibsource = {dblp computer science bibliography, https://dblp.org}
}

@inproceedings{ACISP:NguyenWW11,
  author    = {Phuong Ha Nguyen and
               Hongjun Wu and
               Huaxiong Wang},
  editor    = {Udaya Parampalli and
               Philip Hawkes},
  title     = {Improving the Algorithm 2 in Multidimensional Linear Cryptanalysis},
  booktitle = {Information Security and Privacy - 16th Australasian Conference, {ACISP}
               2011, Melbourne, Australia, July 11-13, 2011. Proceedings},
  series    = {Lecture Notes in Computer Science},
  volume    = {6812},
  pages     = {61--74},
  publisher = {Springer},
  year      = {2011},
  url       = {https://doi.org/10.1007/978-3-642-22497-3\_5},
  doi       = {10.1007/978-3-642-22497-3\_5},
  timestamp = {Sun, 02 Oct 2022 15:53:35 +0200},
  biburl    = {https://dblp.org/rec/conf/acisp/NguyenWW11.bib},
  bibsource = {dblp computer science bibliography, https://dblp.org}
}

@inproceedings{ACISP:NguyenWWL10,
  author    = {Phuong Ha Nguyen and
               Lei Wei and
               Huaxiong Wang and
               San Ling},
  editor    = {Ron Steinfeld and
               Philip Hawkes},
  title     = {On Multidimensional Linear Cryptanalysis},
  booktitle = {Information Security and Privacy - 15th Australasian Conference, {ACISP}
               2010, Sydney, Australia, July 5-7, 2010. Proceedings},
  series    = {Lecture Notes in Computer Science},
  volume    = {6168},
  pages     = {37--52},
  publisher = {Springer},
  year      = {2010},
  url       = {https://doi.org/10.1007/978-3-642-14081-5\_3},
  doi       = {10.1007/978-3-642-14081-5\_3},
  timestamp = {Sat, 05 Sep 2020 18:07:36 +0200},
  biburl    = {https://dblp.org/rec/conf/acisp/NguyenWWL10.bib},
  bibsource = {dblp computer science bibliography, https://dblp.org}
}

@article{IGNORE:EPRINT:Todo14,
  author    = {Yosuke Todo},
  title     = {FFT-Based Key Recovery for the Integral Attack},
  journal   = {{IACR} Cryptol. ePrint Arch.},
  pages     = {187},
  year      = {2014},
  url       = {http://eprint.iacr.org/2014/187},
  timestamp = {Mon, 11 May 2020 15:54:37 +0200},
  biburl    = {https://dblp.org/rec/journals/iacr/Todo14.bib},
  bibsource = {dblp computer science bibliography, https://dblp.org}
}

@inproceedings{C:BeierleLT20,
  author    = {Christof Beierle and
               Gregor Leander and
               Yosuke Todo},
  editor    = {Daniele Micciancio and
               Thomas Ristenpart},
  title     = {Improved Differential-Linear Attacks with Applications to {ARX} Ciphers},
  booktitle = {Advances in Cryptology - {CRYPTO} 2020 - 40th Annual International
               Cryptology Conference, {CRYPTO} 2020, Santa Barbara, CA, USA, August
               17-21, 2020, Proceedings, Part {III}},
  series    = {Lecture Notes in Computer Science},
  volume    = {12172},
  pages     = {329--358},
  publisher = {Springer},
  year      = {2020},
  url       = {https://doi.org/10.1007/978-3-030-56877-1\_12},
  doi       = {10.1007/978-3-030-56877-1\_12},
  timestamp = {Thu, 14 Oct 2021 09:46:01 +0200},
  biburl    = {https://dblp.org/rec/conf/crypto/BeierleLT20.bib},
  bibsource = {dblp computer science bibliography, https://dblp.org}
}

@inproceedings{ICISC:CollardSQ07,
  author    = {Baudoin Collard and
               Fran{\c{c}}ois{-}Xavier Standaert and
               Jean{-}Jacques Quisquater},
  editor    = {Kil{-}Hyun Nam and
               Gwangsoo Rhee},
  title     = {Improving the Time Complexity of Matsui's Linear Cryptanalysis},
  booktitle = {Information Security and Cryptology - {ICISC} 2007, 10th International
               Conference, Seoul, Korea, November 29-30, 2007, Proceedings},
  series    = {Lecture Notes in Computer Science},
  volume    = {4817},
  pages     = {77--88},
  publisher = {Springer},
  year      = {2007},
  url       = {https://doi.org/10.1007/978-3-540-76788-6\_7},
  doi       = {10.1007/978-3-540-76788-6\_7},
  timestamp = {Tue, 14 May 2019 10:00:36 +0200},
  biburl    = {https://dblp.org/rec/conf/icisc/CollardSQ07.bib},
  bibsource = {dblp computer science bibliography, https://dblp.org}
}

@inproceedings{FSE:ShiraiSAMI07,
  author    = {Taizo Shirai and
               Kyoji Shibutani and
               Toru Akishita and
               Shiho Moriai and
               Tetsu Iwata},
  editor    = {Alex Biryukov},
  title     = {The 128-Bit Blockcipher {CLEFIA} (Extended Abstract)},
  booktitle = {Fast Software Encryption, 14th International Workshop, {FSE} 2007,
               Luxembourg, Luxembourg, March 26-28, 2007, Revised Selected Papers},
  series    = {Lecture Notes in Computer Science},
  volume    = {4593},
  pages     = {181--195},
  publisher = {Springer},
  year      = {2007},
  url       = {https://doi.org/10.1007/978-3-540-74619-5\_12},
  doi       = {10.1007/978-3-540-74619-5\_12},
  timestamp = {Sun, 25 Oct 2020 23:06:50 +0100},
  biburl    = {https://dblp.org/rec/conf/fse/ShiraiSAMI07.bib},
  bibsource = {dblp computer science bibliography, https://dblp.org}
}

@misc{Kuznyechik,
      author = {Dolmatov, V., ed.},
      title = {GOST R 34.12-2015: Block Cipher {``Kuznyechik''}},
      howpublished = {https://www.rfc-editor.org/rfc/rfc7801.html},
      year = {2016},
}

@misc{CLEFIA,
      author = {Katagi, M.},
      title = {The 128-Bit Blockcipher {CLEFIA}},
      howpublished = {https://www.rfc-editor.org/rfc/rfc6114},
      year = {2011},
}

@inproceedings{FSE:LiJWD15,
  author    = {Leibo Li and
               Keting Jia and
               Xiaoyun Wang and
               Xiaoyang Dong},
  editor    = {Gregor Leander},
  title     = {Meet-in-the-Middle Technique for Truncated Differential and Its Applications
               to {CLEFIA} and {Camellia}},
  booktitle = {Fast Software Encryption - 22nd International Workshop, {FSE} 2015,
               Istanbul, Turkey, March 8-11, 2015, Revised Selected Papers},
  series    = {Lecture Notes in Computer Science},
  volume    = {9054},
  pages     = {48--70},
  publisher = {Springer},
  year      = {2015},
  url       = {https://doi.org/10.1007/978-3-662-48116-5\_3},
  doi       = {10.1007/978-3-662-48116-5\_3},
  timestamp = {Mon, 25 Nov 2019 15:32:17 +0100},
  biburl    = {https://dblp.org/rec/conf/fse/LiJWD15.bib},
  bibsource = {dblp computer science bibliography, https://dblp.org}
}

@article{JOC:BouraLNS18,
  author    = {Christina Boura and
               Virginie Lallemand and
               Mar{\'{\i}}a Naya{-}Plasencia and
               Valentin Suder},
  title     = {Making the Impossible Possible},
  journal   = {J. Cryptol.},
  volume    = {31},
  number    = {1},
  pages     = {101--133},
  year      = {2018},
  url       = {https://doi.org/10.1007/s00145-016-9251-7},
  doi       = {10.1007/s00145-016-9251-7},
  timestamp = {Fri, 18 Sep 2020 11:17:29 +0200},
  biburl    = {https://dblp.org/rec/journals/joc/BouraLNS18.bib},
  bibsource = {dblp computer science bibliography, https://dblp.org}
}

@inproceedings{CISC:YiWCL16,
  author    = {Wentan Yi and
               Baofeng Wu and
               Shaozhen Chen and
               Dongdai Lin},
  editor    = {Kefei Chen and
               Dongdai Lin and
               Moti Yung},
  title     = {Improved Integral and Zero-correlation Linear Cryptanalysis of {CLEFIA}
               Block Cipher},
  booktitle = {Information Security and Cryptology - 12th International Conference,
               Inscrypt 2016, Beijing, China, November 4-6, 2016, Revised Selected
               Papers},
  series    = {Lecture Notes in Computer Science},
  volume    = {10143},
  pages     = {33--46},
  publisher = {Springer},
  year      = {2016},
  url       = {https://doi.org/10.1007/978-3-319-54705-3\_3},
  doi       = {10.1007/978-3-319-54705-3\_3},
  timestamp = {Tue, 14 May 2019 10:00:52 +0200},
  biburl    = {https://dblp.org/rec/conf/cisc/YiWCL16.bib},
  bibsource = {dblp computer science bibliography, https://dblp.org}
}

@misc{IGNORE:EPRINT:BarLeu22,
      author = {Augustin Bariant and Gaëtan Leurent},
      title = {Truncated Boomerang Attacks and Application to AES-based Ciphers},
      howpublished = {Cryptology ePrint Archive, Paper 2022/701},
      year = {2022},
      note = {\url{https://eprint.iacr.org/2022/701}},
      url = {https://eprint.iacr.org/2022/701}
}

% From https://www.scitepress.org/Link.aspx?doi=10.5220/0003990300250034
@inproceedings{Tunstall12,
    author={Michael Tunstall},
    title={Improved “Partial Sums”-based Square Attack on {AES}},
    booktitle={Proceedings of the International Conference on Security and Cryptography - SECRYPT, (ICETE 2012)},
    year={2012},
    pages={25-34},
    publisher={SciTePress},
    organization={INSTICC},
    doi={10.5220/0003990300250034},
    isbn={978-989-8565-24-2},
    issn={2184-2825},
}

@misc{fullversion,
      author = {Orr Dunkelman and Shibam Ghosh and Nathan Keller and Gaetan Leurent and Avichai Marmor and Victor Mollimard},
      title = {Partial Sums Meet {FFT}: Improved Attack on 6-Round {AES}},
      howpublished = {Cryptology ePrint Archive, Paper 2023/1659},
      year = {2023},
      note = {\url{https://eprint.iacr.org/2023/1659}},
      url = {https://eprint.iacr.org/2023/1659}
}